,Date,Sales
0,2018-12-31,4048098.9
1,2019-01-31,3256680.46
2,2019-02-28,3335017.18
3,2019-03-31,4017123.62
4,2019-04-30,3589497.88
5,2019-05-31,4152786.99
6,2019-06-30,4494730.8100000005
7,2019-07-31,4593867.0600000005
8,2019-08-31,3480270.06
9,2019-09-30,4928270.12
10,2019-10-31,5135311.85
11,2019-11-30,4122076.64
12,2019-12-31,1408879.31
